<record><leader>00000cas a2200000 a 4500</leader><controlfield tag="001">12078639</controlfield><controlfield tag="008">850524d18981898hiusr ne      0    0haw d</controlfield><datafield ind1=" " ind2=" " tag="010"><subfield code="a">sn 85047109 </subfield></datafield><datafield ind1=" " ind2=" " tag="040"><subfield code="a">HUH</subfield><subfield code="b">eng</subfield><subfield code="c">HUH</subfield><subfield code="d">HWN</subfield><subfield code="d">OCL</subfield><subfield code="d">OCLCQ</subfield><subfield code="d">OCLCF</subfield><subfield code="d">OCLCO</subfield></datafield><datafield ind1=" " ind2=" " tag="042"><subfield code="a">msc</subfield></datafield><datafield ind1=" " ind2=" " tag="043"><subfield code="a">n-us-hi</subfield></datafield><datafield ind1="0" ind2="3" tag="245"><subfield code="a">Ka Malamalama o Hawaii.</subfield></datafield><datafield ind1="1" ind2="3" tag="246"><subfield code="a">Malamalama</subfield></datafield><datafield ind1=" " ind2=" " tag="260"><subfield code="a">Honolulu [Hawaii :</subfield><subfield code="b">s.n.],</subfield><subfield code="c">1898.</subfield></datafield><datafield ind1=" " ind2=" " tag="300"><subfield code="a">1 v. ;</subfield><subfield code="c">31 cm.</subfield></datafield><datafield ind1=" " ind2=" " tag="310"><subfield code="a">Semimonthly</subfield></datafield><datafield ind1="0" ind2=" " tag="362"><subfield code="a">Buke 1, helu 11 (Iulai 15, 1898)-buke 1, helu 13 (Sept. 1, 1898).</subfield></datafield><datafield ind1=" " ind2=" " tag="500"><subfield code="a">Title from cover.</subfield></datafield><datafield ind1=" " ind2=" " tag="500"><subfield code="a">Editor: R.H. Baker.</subfield></datafield><datafield ind1=" " ind2=" " tag="515"><subfield code="a">Buke 1, helu 11 repeated in numbering.</subfield></datafield><datafield ind1=" " ind2=" " tag="546"><subfield code="a">In Hawaiian.</subfield></datafield><datafield ind1=" " ind2="0" tag="651"><subfield code="a">Hawaii</subfield><subfield code="v">Newspapers.</subfield></datafield><datafield ind1=" " ind2="7" tag="655"><subfield code="a">Newspapers.</subfield><subfield code="2">fast</subfield><subfield code="0">(OCoLC)fst01423814</subfield></datafield><datafield ind1=" " ind2="7" tag="651"><subfield code="a">Hawaii.</subfield><subfield code="2">fast</subfield><subfield code="0">(OCoLC)fst01208724</subfield></datafield><datafield ind1="1" ind2=" " tag="700"><subfield code="a">Baker, R. H.</subfield></datafield><datafield ind1=" " ind2=" " tag="752"><subfield code="a">United States</subfield><subfield code="b">Hawaii</subfield><subfield code="c">Honolulu</subfield><subfield code="d">Honolulu.</subfield></datafield><datafield ind1="0" ind2="0" tag="780"><subfield code="t">Lei loke o Hawaii</subfield><subfield code="w">(DLC)sn 85047108</subfield><subfield code="w">(OCoLC)12078637</subfield></datafield></record>